@article{popescu2014gamygdala,
    title={{GAMYGDALA}: An emotion engine for games},
    author={Popescu, Adrian and Broekens, Joost and van Someren, Maarten},
    journal={IEEE Transactions on Affective Computing},
    volume={5},
    number={1},
    pages={32--44},
    year={2014},
    publisher={IEEE}
}

@INPROCEEDINGS{6346433,
  author={Kurugol, Sila and San Jose Estepar, Raul and Ross, James and Washko, George R.},
  booktitle={2012 Annual International Conference of the IEEE Engineering in Medicine and Biology Society}, 
  title={Aorta segmentation with a 3D level set approach and quantification of aortic calcifications in non-contrast chest CT}, 
  year={2012},
  volume={},
  number={},
  pages={2343-2346},
  doi={10.1109/EMBC.2012.6346433}}

@misc{SRS,
	Author = {Jingyi Lin},
	Date-Added = {2023-02-12},
	Date-Modified = {2023-04-20},
	Howpublished = {\url{https://github.com/smiths/aorta/blob/main/docs/SRS/SRS.pdf}},
	Title = {System Requirements Specification},
	Year = {2023},
	Bdsk-Url-1 = {https://github.com/smiths/aorta/blob/main/docs/SRS/SRS.pdf}}

@misc{GitHubActions,
	Author = {GitHub},
	Date-Added = {2023},
	Date-Modified = {2023},
	Howpublished = {\url{https://docs.github.com/en/actions/using-workflows/about-workflows}},
	Title = {GitHub Actions documentation},
	Year = {2023},
	Bdsk-Url-1 = {https://docs.github.com/en/actions/using-workflows/about-workflows}}
}

@misc{DD,
	Author = {Jingyi Lin},
	Date-Added = {2023-06-09},
	Date-Modified = {2023-06-09},
	Howpublished = {\url{https://joviel25.github.io/AortaGR-design-document/index.html}},
	Title = {Design Document},
	Year = {2023},
	Bdsk-Url-1 = {https://joviel25.github.io/AortaGR-design-document/index.html}}

@misc{MG,
	Author = {Jingyi Lin},
	Date-Added = {2023-02-12},
	Date-Modified = {2023-04-20},
	Howpublished = {\url{https://github.com/smiths/aorta/blob/main/docs/Design/MG/MG.pdf}},
	Title = {Module Guide},
	Year = {2023},
	Bdsk-Url-1 = {https://github.com/smiths/aorta/blob/main/docs/Design/MG/MG.pdf}}

@misc{Linter,
	Author = {Wikipedia},
	Howpublished = {\url{https://en.wikipedia.org/wiki/Lint_(software)}},
	Title = {Lint (software)},
	Year = {2023},
	Bdsk-Url-1 = {https://en.wikipedia.org/wiki/Lint_(software)}}

