@article{hudlicka2002time,
    title={This time with feeling: Integrated model of trait and state effects 
    on cognition and behavior},
    author={Hudlicka, Eva},
    journal={Applied Artificial Intelligence},
    volume={16},
    number={7-8},
    pages={611--641},
    year={2002},
    publisher={Taylor \& Francis}
}